
@inproceedings{wagner2006scientific,
	title={On the Scientific Relevance of eSports.},
	author={Wagner, Michael G},
	booktitle={International Conference on Internet Computing},
	pages={437--442},
	year={2006}
}

@book{taylor2012raising,
	title={Raising the Stakes: E-sports and the Professionalization of Computer Gaming},
	author={Taylor, TL},
	year={2012},
	publisher={Mit Press}
}

@article{hope2014evolution,
	title={The Evolution of the Electronic Sports Entertainment Industry and its Popularity},
	author={Hope, Alex},
	journal={Computers for Everyone},
	volume={87},
	year={2014}
}

@phdthesis{snavely2014history,
	title={History and analysis of eSport systems},
	author={Snavely, Tyler Louis},
	year={2014}
}

@article{lewis1999peace,
	title={Peace, Love And Quake},
	author={Lewis, Peter H.},
	journaltitle = {The New York Times},
	year={1999},
	url = {http://www.nytimes.com/1999/08/12/technology/state-of-the-art-peace-love-and-quake.html},
	urldate = {2017-11-30}
}

@mastersthesis{van2013video,
	title={Video games as a spectator sport},
	author={Van Ditmarsch, JL},
	year={2013}
}

@online{edwards2013esports,
	author = {Edwards, Tyler F.M.},
	title = {eSports: A Brief History},
	year = {2013},
	url = {http://adanai.com/esports/},
	urldate = {2017-11-30}
}

@book{caillois1961man,
	title={Man, play, and games},
	author={Caillois, Roger},
	year={1961},
	publisher={University of Illinois Press}
}


@online{esportsEarnings,
	title = {E-Sports Earnings: Largest Overall Prize Pools in eSports},
	url = {https://www.esportsearnings.com/tournaments},
	urldate = {2017-11-30},
	year = 2017
}


@online{biggestEsports,
	title = {E-Sports Earnings: Top Games of 2017},
	url = {https://www.esportsearnings.com/history/2017/games},
	urldate = {2017-11-30},
	year = 2017
}

@online{web:cpl,
	title = {Cyberathlete Professional League},
	url = {http://thecpl.com/about-cpl/},
	urldate = {2017-11-30},
	year = 2017
}

@online{WCG,
	title = {World Cyber Games},
	url = {http://worldcybergames.com/},
	urldate = {2017-12-01},
	year = 2017
}

@online{quakecon,
	title = {QuakeCon},
	url = {http://www.quakecon.org/},
	urldate = {2017-11-30},
	year = 2017
}

@movie{kingKong,
	title =   {The King of Kong: A Fistful of Quarters},
	author = {Gordon, Seth},
	year = {2007},
	publisher = {Picturehouse}
}

@online{evo,
	author = "{{Wikipedia}}",
	title = "{Evolution Championship Series} --- {W}ikipedia{,} The Free Encyclopedia",
	year = "2017",
	url = {https://en.wikipedia.org/wiki/Evolution_Championship_Series},
	urldate = {2017-11-30}
}


@online{wiki:quakeworld,
	author = "{QuakeWorld Wiki}",
	title = "{Year 1997} --- {QuakeWorld Wiki}",
	year = "2017",
	url = {http://wiki.quakeworld.nu/1997},
	urldate = {2017-11-30}
}

@online{clanHistory,
	author = {Jeremy "Lindril" Degroat},
	title = {Historical Perspective Concerning the Clans of Quake},
	url = {http://www.muppetclan.com/history/},
	urldate = {2017-11-30}
}


@online{quake3Tournaments,
	title = {Quake 3 Tournaments/Leagues 1999 > 2001},
	url = {http://www.angelfire.com/me4/joeyadonis/5-q3-99-01.html},
	urldate = {2017-11-30}
}

@online{gooseman,
	author = "{Counter-Strike Wiki}",
	title = "{Mign "Gooseman" Le} --- {Counter-Strike Wiki}",
	year = "2017",
	url = {http://counterstrike.wikia.com/wiki/Minh_Le},
	urldate = {2017-11-30}
}

@online{git:id,
	author = "{id Software}",
	title = {id Software public GitHub repository},
	url = {https://github.com/id-Software},
	urldate = {2017-11-30}
}

@online{e3,
	title = {E3},
	url = {https://www.e3expo.com/},
	urldate = {2017-11-30}
}


@online{qtest,
	author = "{Quake Wiki}",
	title = "{QTest} --- {Quake Wiki}",
	year = "2017",
	url = {http://quake.wikia.com/wiki/Qtest},
	urldate = {2017-11-30}
}


@online{speedRun,
	title = {Quake Speed Run},
	author = "{Coolkid}",
	url = {https://youtu.be/y2Xve3VGGMo?t=8m35s},
	urldate = {2017-12-1}
}

@online{engineFamily,
	author = "{Wikipedia}",
	title = "{Quake's Derivative engines} --- {W}ikipedia{,} The Free Encyclopedia",
	year = "2017",
	url = {https://en.wikipedia.org/wiki/Quake_engine#Derivative_engines},
	urldate = {2017-12-1}
}








@software{game:doom,
	title      	= "{Doom}",
	author  	= "{id Software}",
	howpublished = "[Disquete]",
	note 		= "{published by GT Interactive}",
	date       	= {1993-12-10}
}

@software{game:pacman,
	title         = "{Pac-Man}",
	author  = "{Namco}",
	howpublished = "[Arcade]",
	note 		= "{published by Bandai Namco Entertainment}",
	date       	= {1980-05-22}
}

@software{game:hs,
	title         = "{Hearthstone}",
	author  = "{Blizzard Entertainment}",
	howpublished = "[PC Digital]",
	note 		= "{published by Blizzard Entertainment}",
	date       	= {2014-03-11}
}


@software{game:donkeykong,
	title         = "{Donkey Kong}",
	author  = "{Nintendo}",
	howpublished = "[Arcade]",
	note 		= "{published by Nintendo}",
	date       	= {1982-07-09}
}

@software{game:league,
	title         = "{League of Legends}",
	author  = "{Riot Games}",
	howpublished = "[PC Digital]",
	note 		= "{published by Riot Games}",
	date       	= {2009-10-27}
}

@software{game:cs,
	title         = "{Counter Strike}",
	author  = "{Valve L.L.C.}",
	howpublished = "[PC CD-ROM]",
	note 		= "{published by Sierra Studios (physical) and Valve Corporation (digital)}",
	date       	= {2000-11-09}
}

@software{game:starcraft,
	title         = "{Starcraft}",
	author  = "{Blizzard Entertainment}",
	howpublished = "[PC CD-ROM]",
	note 		= "{published by Blizzard Entertainment}",
	date       	= {1998-03-31}
}

@software{game:streetfighter,
	title         = "{Street Fighter}",
	author  = "{Capcom}",
	howpublished = "[Arcade]",
	note 		= "{published by Capcom}",
	date       	= {1987-08-30}
}

@software{game:streetfighter2,
	title         = "{Street Fighter II: The World Warrior}",
	author  = "{Capcom}",
	howpublished = "[Arcade]",
	note 		= "{published by Capcom}",
	date       	= {1991-02-06}
}

@software{game:quake1,
	title         = "{Quake}",
	author  = "{id Software}",
	howpublished = "[PC CD-ROM]",
	note 		= "{published by GT Interactive}",
	date       	= {1996-06-22}
}

@software{game:quake2,
	title         = "{Quake II}",
	author  = "{id Software}",
	howpublished = "[PC CD-ROM]",
	note 		= "{published by Activision}",
	date       	= {1997-11-30}
}

@software{game:quake3,
	title         = "{Quake III}",
	author  = "{id Software}",
	howpublished = "[PC CD-ROM]",
	note 		= "{published by Activision}",
	date       	= {1999-12-02}
}

@software{game:halflife,
	title         = "{Half Life}",
	author  = "{Valve}",
	publisher = "{Valve}",
	howpublished = "[PC CD-ROM, PS2 DVD-ROM]",
	note 		= "{published by Sierra Entertainment}",
	date       	= {1998-11-19}
}




